@online{bda,
    author = "David Jurgens",
    title = "{BDA - BIOS Data Area - PC Memory Map}",
    url  = "https://stanislavs.org/helppc/bios_data_area.html",
    note = "(accessed: 04.05.2021)"
}

@online{thaihungvan,
    author = "Thái Hùng Văn",
    title = "{Các slide bài giảng môn Hệ thống máy tính}",
    url  = "Moodle"
}

@online{byteconv,
    author = "{StackOverflow}",
    title = "{C Function to Convert float to byte array}",
    url  = "https://stackoverflow.com/questions/24420246/c-function-to-convert-float-to-byte-array",
    note = "(accessed: 12.05.2021), solution by Floris"
}

@online{8086interrupt,
    author = "JB Wyatt",
    title = "{Basic 8086 and dos interrupts that are currently supported by the emulator}",
    url  = "https://jbwyatt.com/253/emu/8086_bios_and_dos_interrupts.html",
    note = "(accessed: 04.05.2021)"
}

@online{8086instruction,
    author = "JB Wyatt",
    title = "{8086 instructions}",
    url  = "https://jbwyatt.com/253/emu/8086_instruction_set.html",
    note = "(accessed: 04.05.2021)"
}

@online{euclide,
    author = "Wikipedia",
    title = "{Eucledian division}",
    url  = "https://en.wikipedia.org/wiki/Euclidean_division",
    note = "(accessed: 05.05.2021)"
}

@online{asmbeginner,
    author = "JB Wyatt",
    title = "{8086 assembler tutorial for beginners (part 1)}",
    url  = "https://jbwyatt.com/253/emu/asm_tutorial_01.html",
    note = "(accessed: 05.05.2021)"
}

@online{asmstack,
    author = "JB Wyatt",
    title = "{8086 assembler tutorial for beginners (part 9)}",
    url  = "https://jbwyatt.com/253/emu/asm_tutorial_09.html",
    note = "(accessed: 05.05.2021)"
}

@book{ktlt,
    author = "{Trần Đan Thư et al.}",
    title = "Kỹ thuật lập trình",
    publisher = "NXB Khoa học và Kỹ thuật",
    year = "2019"
}

@book{oop,
    author = "{Trần Đan Thư et al.}",
    title = "Lập trình hướng đối tượng",
    publisher = "NXB Khoa học và Kỹ thuật",
    year = "2019"
}